@article{hawkes1971a,
  title =	 {Spectra of some self-exciting and mutually exciting
                  point processes},
  author =	 {Hawkes, Alan G},
  journal =	 {Biometrika},
  volume =	 {58},
  number =	 {1},
  pages =	 {83--90},
  year =	 {1971},
  publisher =	 {Biometrika Trust}
}

@article{towers2015a,
author = {Towers, Sherry and Gomez-Lievano, Andres and Khan, Maryam and Mubayi, Anuj and Castillo-Chavez, Carlos},
doi = {10.1371/journal.pone.0117259},
file = {:home/javiergb/Downloads/journal.pone.0117259.PDF:PDF},
journal = {PLoS ONE},
number = {7},
pages = {e0117259},
publisher = {Public Library of Science},
title = {{Contagion in Mass Killings and School Shootings}},
volume = {10},
year = {2015}
}

@misc{Muschert2017,
author = {Muschert, Glenn and Schildkraut, Jaclyn},
booktitle = {Oxford Research Encyclopedia of Criminology},
doi = {10.1093/acrefore/9780190264079.013.106},
file = {:home/javiergb/Downloads/acrefore-9780190264079-e-106.pdf:pdf},
isbn = {9780190264079},
number = {May 2018},
pages = {1--20},
title = {{School Shootings in the Media}},
url = {http://criminology.oxfordre.com/view/10.1093/acrefore/9780190264079.001.0001/acrefore-9780190264079-e-106},
volume = {1},
year = {2017}
}

@article{Pah2017,
author = {Pah, A. R. and Hagan, J. and Jennings, A. L. and Jain, A. and Albrecht, K. and Hockenberry, A. J. and Amaral, L. A.N.},
doi = {10.1038/s41562-016-0040},
isbn = {4156201600},
issn = {23973374},
journal = {Nature Human Behaviour},
number = {2},
pages = {2--7},
title = {{Economic insecurity and the rise in gun violence at US schools}},
volume = {1},
year = {2017}
}




@Article{laub2015a,
  title =	 {Hawkes processes},
  author =	 {Laub, Patrick J. and Taimre, Thomas and Pollett,
                  Philip K.},
  journal =	 {arXiv preprint arXiv:1507.02822},
  year =	 {2015}
}
@Article{goh2008burstiness,
  title={Burstiness and memory in complex systems},
  author={Goh, K-I and Barab{\'a}si, A-L},
  journal={EPL (Europhysics Letters)},
  volume={81},
  number={4},
  pages={48002},
  year={2008},
  publisher={IOP Publishing}
}

@Article{ogata1988statistical,
  title={Statistical models for earthquake occurrences and residual analysis for point processes},
  author={Ogata, Yosihiko},
  journal={Journal of the American Statistical association},
  volume={83},
  number={401},
  pages={9--27},
  year={1988},
  publisher={Taylor \& Francis Group}
}

@Article{hardiman2013critical,
  title={Critical reflexivity in financial markets: a Hawkes process analysis},
  author={Hardiman, Stephen J and Bercot, Nicolas and Bouchaud, Jean-Philippe},
  journal={The European Physical Journal B},
  volume={86},
  number={10},
  pages={1--9},
  year={2013},
  publisher={Springer}
}

@Article{lewis2012self,
  title={Self-exciting point process models of civilian deaths in Iraq},
  author={Lewis, Erik and Mohler, George and Brantingham, P Jeffrey and Bertozzi, Andrea L},
  journal={Security Journal},
  volume={25},
  number={3},
  pages={244--264},
  year={2012},
  publisher={Springer}
}

@Article{mohler2012self,
  title={Self-exciting point process modeling of crime},
  author={Mohler, George O and Short, Martin B and Brantingham, P Jeffrey and Schoenberg, Frederic Paik and Tita, George E},
  journal={Journal of the American Statistical Association},
  year={2012},
  publisher={Taylor \& Francis}
}

@Article{marsan2008extending,
  title={Extending earthquakes' reach through cascading},
  author={Marsan, David and Lenglin{\'e}, Olivier},
  journal={Science},
  volume={319},
  number={5866},
  pages={1076--1079},
  year={2008},
  publisher={American Association for the Advancement of Science}
}

@Article{hawkes1974cluster,
  title={A cluster process representation of a self-exciting process},
  author={Hawkes, Alan G and Oakes, David},
  journal={Journal of Applied Probability},
  pages={493--503},
  year={1974},
  publisher={JSTOR}
}
@Article{towers2015a,
  author =	 {Towers, Sherry and Gomez-Lievano, Andres and Khan,
                  Maryam and Mubayi, Anuj and Castillo-Chavez, Carlos},
  journal =	 {PLoS ONE},
  title =	 {Contagion in Mass Killings and School Shootings},
  year =	 {2015},
  volume =	 {10},
  OPTurl =		 {http://dx.doi.org/10.1371\%2Fjournal.pone.0117259},
  pages =	 {e0117259},
  publisher =	 {Public Library of Science},
  number =	 7,
  doi =		 {10.1371/journal.pone.0117259}
}

@Article{Leary2003,
  author =	 {Leary, Mark R. and Kowalski, Robin M. and Smith,
                  Laura and Phillips, Stephen},
  doi =		 {10.1002/ab.10061},
  issn =	 {0096-140X},
  journal =	 {Aggressive Behavior},
  keywords =	 {2003,214,and violence,case studies,of the school
                  shootings,pages 202,rejection,ressive
                  behavior,teasing,volume 29},
  month =	 jun,
  number =	 {3},
  pages =	 {202--214},
  title =	 {{Teasing, rejection, and violence: Case studies of
                  the school shootings}},
  OPTurl =	 {http://doi.wiley.com/10.1002/ab.10061},
  volume =	 {29},
  year =	 {2003}
}

@Article{Kimmel2003,
  author =	 {Kimmel, MS and Mahler, M},
  doi =		 {10.1177/0002764203251484},
  journal =	 {American behavioral scientist},
  keywords =	 {1982-2001,abs,adolescent masculinity,and
                  violence,behavioral scientist,com,homophobia,kimmel
                  and matthew mahler,michael s,random school
                  shootings,rican http,sagepub},
  pages =	 {1982--2001},
  title =	 {{Adolescent masculinity, homophobia, and violence
                  random school shootings, 1982-2001}},
  OPTurl =		 {http://abs.sagepub.com/content/46/10/1439.short},
  year =	 2003
}

@Article{FBI,
  author =	 {Blair, J. Pete and Schweit, Katherine W.},
  title =	 {A Study of Active Shooter Incidents, 2000 - 2013},
  journal =	 {Texas State University and Federal Bureau of
                  Investigation, U.S. Department of Justice,
                  Washington D.C.},
  year =	 2014
}

@Book{Newman2004,
  author =	 {Newman, Kathryn and Fox, Cybelle and Harding, David
                  J and Mehta, J and Roth, Wendy},
  title =	 {Rampage: The social roots of school shootings},
  publisher =	 {Perseus},
  year =	 2004,
  address =	 {New York},
}

@Article{downs1972up,
  title =	 {Up and down with ecology: The issue attention cycle},
  author =	 {Downs, Anthony},
  journal =	 {Public interest},
  volume =	 28,
  number =	 1,
  pages =	 {38--50},
  year =	 1972,
  publisher =	 {Ministry of Public Safety and Solicitor General}
}

@Book{Rudnick2010,
  author =	 "Joseph Rudnick and George Gaspari",
  title =	 {Elements of the Random Walk},
  publisher =	 {Cambridge University Press; 1 edition},
  year =	 2010,
  isbn =	 9780521535830,
}

@Article{Klafter1987,
  title =	 {Stochastic pathway to anomalous diffusion},
  author =	 {Klafter, J and Blumen, Alexander and Shlesinger,
                  Michael F},
  journal =	 {Physical Review A},
  volume =	 35,
  number =	 7,
  pages =	 3081,
  year =	 1987,
  publisher =	 {APS}
}

@Book{Coleman2004,
  title =	 {The copycat effect: How the media and popular
                  culture trigger the mayhem in Tomorrow's headlines},
  author =	 {Coleman, Loren},
  year =	 2004,
  publisher =	 {Simon and Schuster}
}

@Article{Oksanen2014,
  title =	 {Glamorizing rampage online: school shooting fan
                  communities on youtube},
  author =	 {Oksanen, Atte and Hawdon, James and R{\"a}s{\"a}nen,
                  Pekka},
  journal =	 {Technology in society},
  volume =	 39,
  pages =	 {55--67},
  year =	 2014,
  publisher =	 {Elsevier}
}

@Article{Chyi2004,
  author =	 {Chyi, H. I. and McCombs, M.},
  doi =		 {10.1177/107769900408100103},
  issn =	 {1077-6990},
  journal =	 {Journalism \& Mass Communication Quarterly},
  keywords =	 {mass,rnalism},
  month =	 mar,
  number =	 1,
  pages =	 {22--35},
  title =	 {{Media Salience and the Process of Framing: Coverage
                  of the Columbine School Shootings}},
  OPTurl =
                  {http://jmq.sagepub.com/lookup/doi/10.1177/107769900408100103},
  volume =	 81,
  year =	 2004
}

@Article{Muschert2006,
  author =	 {Muschert, G. W. and Carr, D.},
  doi =		 {10.1177/107769900608300402},
  issn =	 {1077-6990},
  journal =	 {Journalism \& Mass Communication Quarterly},
  keywords =	 {mass communication,rnalism},
  month =	 dec,
  number =	 4,
  pages =	 {747--766},
  title =	 {{Media Salience and Frame Changing across Events:
                  Coverage of Nine School Shootings, 1997-2001}},
  OPTurl =
                  {http://jmq.sagepub.com/lookup/doi/10.1177/107769900608300402},
  volume =	 83,
  year =	 2006
}

@Article{Muschert2007,
  author =	 {Muschert, GW},
  journal =	 {Sociology Compass},
  keywords =	 {00008,1,10,1111,1751-9020,2007,60,80,iology compass
                  1,j,research in school shootings,x},
  pages =	 {60--80},
  title =	 {{Research in school shootings}},
  OPTurl =
                  {http://onlinelibrary.wiley.com/doi/10.1111/j.1751-9020.2007.00008.x/full},
  volume =	 1,
  year =	 2007
}

@Article{Wike2009,
  author =	 {Wike, Traci L. and Fraser, Mark W.},
  doi =		 {10.1016/j.avb.2009.01.005},
  issn =	 13591789,
  journal =	 {Aggression and Violent Behavior},
  keywords =	 {14,162,169,2009,aggression and violent
                  behavior,contents lists available at,making sense of
                  the,ression and violent behavior,school
                  shootings,sciencedirect,senseless},
  month =	 may,
  number =	 3,
  pages =	 {162--169},
  publisher =	 {Elsevier Ltd},
  title =	 {{School shootings: Making sense of the senseless}},
  OPTurl =
                  {http://linkinghub.elsevier.com/retrieve/pii/S1359178909000196},
  volume =	 14,
  year =	 2009
}

@Article{Levin2009,
  author =	 {Levin, J. and Madfis, E.},
  doi =		 {10.1177/0002764209332543},
  issn =	 {0002-7642},
  journal =	 {American Behavioral Scientist},
  keywords =	 {a sequential model,abs,and cumulative
                  strain,behavioral scientist,com,jack levin and
                  eric,madfis,mass murder at school,rican
                  http,sagepub},
  month =	 apr,
  number =	 9,
  pages =	 {1227--1245},
  title =	 {{Mass Murder at School and Cumulative Strain: A
                  Sequential Model}},
  OPTurl =
                  {http://abs.sagepub.com/cgi/doi/10.1177/0002764209332543},
  volume =	 52,
  year =	 2009
}

@Article{Warnick2010,
  author =	 {Warnick, Bryan R and Johnson, Benjamin A. and Rocha,
                  Samuel},
  issn =	 {0013-2004},
  journal =	 {Educational theory},
  month =	 jan,
  number =	 3,
  pages =	 {371--90},
  pmid =	 20662173,
  title =	 {{Tragedy and the meaning of school shootings.}},
  OPTurl =		 {http://www.ncbi.nlm.nih.gov/pubmed/20662173},
  volume =	 60,
  year =	 2010
}

@Article{Johnson2013b,
  author =	 {Johnson, Neil F and Medina, Pablo and Zhao, Guannan
                  and Messinger, Daniel S and Horgan, John and Gill,
                  Paul and Bohorquez, Juan Camilo and Mattson, Whitney
                  and Gangi, Devon and Qi, Hong and Manrique, Pedro
                  and Velasquez, Nicolas and Morgenstern, Ana and
                  Restrepo, Elvira and Johnson, Nicholas and Spagat,
                  Michael and Zarama, Roberto},
  issn =	 {2045-2322},
  journal =	 {Scientific reports},
  mendeley-groups ={Pocs},
  month =	 jan,
  pages =	 3463,
  title =	 {{Simple mathematical law benchmarks human
                  confrontations.}},
  volume =	 3,
  year =	 2013
}

@Book{O2000,
  title =	 {The school shooter: A threat assessment perspective},
  author =	 {O'Toole, Mary Ellen},
  year =	 2000,
  publisher =	 {DIANE Publishing}
}

@Article{Borum2010,
  author =	 {Borum, R. and Cornell, D. G. and Modzeleski, W. and
                  Jimerson, S. R.},
  doi =		 {10.3102/0013189X09357620},
  issn =	 {0013-189X},
  journal =	 {Educational Researcher},
  keywords =	 {cational researcher},
  month =	 feb,
  number =	 1,
  pages =	 {27--37},
  title =	 {{What Can Be Done About School Shootings?: A Review
                  of the Evidence}},
  OPTurl =
                  {http://edr.sagepub.com/cgi/doi/10.3102/0013189X09357620},
  volume =	 39,
  year =	 2010
}

@Article{Johnson2011a,
  author =	 {Johnson, Neil F and Carran, Spencer and Botner, Joel
                  and Fontaine, Kyle and Laxague, Nathan and Nuetzel,
                  Philip and Turnley, Jessica and Tivnan, Brian},
  doi =		 {10.1126/science.1205068},
  issn =	 {1095-9203},
  journal =	 {Science},
  month =	 jul,
  number =	 6038,
  pages =	 {81--4},
  pmid =	 21719677,
  title =	 {{Pattern in escalations in insurgent and terrorist
                  activity}},
  OPTurl =		 {http://www.ncbi.nlm.nih.gov/pubmed/21719677},
  volume =	 333,
  year =	 2011
}

@techreport{NationalCenterforEducationStatistics2012,
  author =	 {{National Center for Education Statistics} and
                  Statistics, Bureau of Justice},
  doi =		 {10.1037/e541412012-001},
  keywords =	 {Jennifer,Jijun,Robers,Simone,Snyder,Thomas
                  D.,Truman,Zhang},
  title =	 {{Indicators of School Crime and Safety: 2011}},
  year =	 2012
}

@Article{Rocque2012,
  author =	 {Rocque, Michael},
  doi =		 {10.1016/j.soscij.2011.11.001},
  issn =	 03623319,
  journal =	 {The Social Science Journal},
  month =	 sep,
  number =	 3,
  pages =	 {304--313},
  publisher =	 {Western Social Science Association},
  title =	 {{Exploring school rampage shootings: Research,
                  theory, and policy}},
  OPTurl =
                  {http://linkinghub.elsevier.com/retrieve/pii/S0362331911001558},
  volume =	 49,
  year =	 2012
}

@Article{DeVenanzi2012,
  author =	 {{De Venanzi}, a.},
  doi =		 {10.1177/1741659012443233},
  issn =	 {1741-6590},
  journal =	 {Crime, Media, Culture},
  month =	 jul,
  number =	 3,
  pages =	 {261--278},
  title =	 {{School shootings in the USA: Popular culture as
                  risk, teen marginality, and violence against peers}},
  OPTurl =
                  {http://cmc.sagepub.com/cgi/doi/10.1177/1741659012443233},
  volume =	 8,
  year =	 2012
}

@Article{Shultz2013,
  author =	 {Shultz, J. M. and Cohen, A. M.},
  journal =	 {Disaster Health},
  number =	 2,
  pages =	 {84--101},
  title =	 {Fatal school shootings and the epidemiological
                  context of firearm mortality in the United States},
  OPTurl =
                  {http://www.landesbioscience.com/journals/disasterhealth/article/26897/},
  volume =	 1,
  year =	 2013
}

@Article{Flannery2013,
  author =	 {Flannery, Daniel J and Modzeleski, William and
                  Kretschmar, Jeff M},
  title =	 {Violence and school shootings},
  journal =	 {Current Psychiatry Reports},
  year =	 2013,
  volume =	 15,
  pages =	 331,
  number =	 1,
  OPTurl =		 {http://www.ncbi.nlm.nih.gov/pubmed/23254623},
  doi =		 {10.1007/s11920-012-0331-6},
}

@Article{Bonanno2014,
  author =	 {Bonanno, C. M. and Levenson, R. L.},
  journal =	 {SAGE Open},
  title =	 {School shooters: {H}istory, current theoretical and
                  empirical findings, and strategies for prevention},
  year =	 2014,
  volume =	 4,
  doi =		 {10.1177/2158244014525425},
  number =	 1,
}

@Article{Sommer2014,
  author =	 {Sommer, Friederike and Leuschner, Vincenz and
                  Scheithauer, Herbert},
  title =	 {Bullying, romantic rejection, and conflicts with
                  teachers: {T}he crucial role of social dynamics in
                  the development of school shootings---{A} systematic
                  review},
  journal =	 {International Journal of Developmental Science},
  year =	 2014,
  volume =	 8,
  pages =	 {3--24},
}
